<?xml version="1.0" encoding="UTF-8"?><collection xmlns="http://www.loc.gov/MARC21/slim"><record><leader>00389nam--2200133-i-4500</leader><controlfield tag="001">000048433</controlfield><controlfield tag="002">20161230</controlfield><controlfield tag="005">20161230201047</controlfield><controlfield tag="008">060222s1000------------r-----000-0-eng-d</controlfield><datafield ind1=" " ind2=" " tag="080"><subfield code="a">621.039.8:669.017</subfield></datafield><datafield ind1=" " ind2=" " tag="100"><subfield code="a">Strokov,I.P. I Avdeev,V.P</subfield></datafield><datafield ind1=" " ind2=" " tag="245"><subfield code="a">Kiberneticheskii podhod pri ispolzovanii radioaktivnyh nuklidov v metallurgii</subfield></datafield><datafield ind1=" " ind2=" " tag="260"><subfield code="a">Moskva, Energoizdat, 1981. 92 P</subfield></datafield><datafield ind1=" " ind2=" " tag="852"><subfield code="a">49888</subfield></datafield></record></collection>